@misc{cimg,
author = {The CImg Library},
title = {},
howpublished = {\url{http://cimg.sourceforge.net/}}
}

@book{Burden,
  title={Numerical Analysis},
  author={Burden, R. and Faires, J.},
  edition = {Ninth},
  isbn={9780538733519},
  lccn={2010922639},
  url={http://books.google.ca/books?id=zXnSxY9G2JgC},
  year={2010},
  publisher={Cengage Learning}
}

@INPROCEEDINGS{Malvar,
    author = {Henrique S. Malvar and Li-wei He and Ross Cutler},
    title = {High-quality linear interpolation for demosaicing of bayer-patterned color images},
    booktitle = {Proceedings of the IEEE International Conference on Speech, Acoustics, and Signal Processing},
    year = {2004}
}

@ARTICLE{kimmel,
    author = {Ron Kimmel},
    title = {Demosaicing: image reconstruction from color ccd samples},
    journal = {IMAGE PROCESSING, IEEE TRANSACTIONS ON},
    year = {1999}
}

@ARTICLE{PSNR,
    author = {Yusra A. Y. Al-Najjar, Dr. Der Chen Soong},
    title = {Comparison of Image Quality Assessment: PSNR, HVS, SSIM, UIQI},
    journal = {International Journal of Scientific \& Engineering Research, Volume 3, Issue 8},
    pages = {2},
    issn = {2229-5518},
    issue_date = {August 2012}
}

@ARTICLE{fran,
    author = {Francisco Jos√© Noriega},
    title = {Resumen Algo II},
    journal = {},
    issn = {},
    issue_date = {2013}
}
